@inproceedings{Littman1994MarkovGame,
  author    = {Michael L. Littman},
  title     = {Markov Games as a Framework for Multi-Agent Reinforcement Learning},
  booktitle = {Machine Learning, Proceedings of the 11th International Conference},
  pages     = {157--163},
  year      = {1994}
}

@article{Levine2020OfflineRL,
  author    = {Sergey Levine and
               Aviral Kumar and
               George Tucker and
               Justin Fu},
  title     = {Offline Reinforcement Learning: Tutorial, Review, and Perspectives on Open Problems},
  journal   = {CoRR},
  volume    = {abs/2005.01643},
  year      = {2020}
}

@article{Mnih2015Human,
  author    = {Volodymyr Mnih and
               Koray Kavukcuoglu and
               David Silver and
               et al.},
  title     = {Human-level control through deep reinforcement learning},
  journal   = {Nature},
  volume    = {518},
  number    = {7540},
  pages     = {529--533},
  year      = {2015}
}

@inproceedings{bellemare2017distributional,
  author    = {Marc G. Bellemare and
               Will Dabney and
               R{\'{e}}mi Munos},
  title     = {A Distributional Perspective on Reinforcement Learning},
  booktitle = {International Conference on Machine Learning (ICML)},
  volume    = {70},
  pages     = {449--458},
  year      = {2017},
}

@inproceedings{Amersfoort2020Uncertainty,
  author    = {Joost van Amersfoort and
               Lewis Smith and
               Yee Whye Teh and
               Yarin Gal},
  title     = {Uncertainty Estimation Using a Single Deep Deterministic Neural Network},
  booktitle = {International Conference on Machine Learning (ICML)},
  volume    = {119},
  pages     = {9690--9700},
  year      = {2020},
}

@article{Hullermeier2021uncertainty,
  author    = {Eyke H{\"{u}}llermeier and
               Willem Waegeman},
  title     = {Aleatoric and epistemic uncertainty in machine learning: an introduction to concepts and methods},
  journal   = {Machine Learning},
  volume    = {110},
  number    = {3},
  pages     = {457--506},
  year      = {2021}
}


@inproceedings{Liu2018DRL,
  author    = {Guiliang Liu and
               Oliver Schulte},
  title     = {Deep Reinforcement Learning in Ice Hockey for Context-Aware Player Evaluation},
  booktitle = {International Joint Conference on Artificial Intelligence (IJCAI)},
  pages     = {3442--3448},
  year      = {2018},
}

@inproceedings{Sun2020Cracking,
  author    = {Xiangyu Sun and
               Jack Davis and
               Oliver Schulte and
               Guiliang Liu},
  title     = {Cracking the Black Box: Distilling Deep Sports Analytics},
  booktitle = {The 26th {ACM} {SIGKDD} Conference on Knowledge Discovery and Data Mining},
  pages     = {3154--3162},
  year      = {2020},
}

@inproceedings{Decroos2019Actions,
  author    = {Tom Decroos and
               Lotte Bransen and
               Jan Van Haaren and
               Jesse Davis},
  title     = {Actions Speak Louder than Goals: Valuing Player Actions in Soccer},
  booktitle = {The 25th {ACM} {SIGKDD} International Conference on Knowledge Discovery and Data Mining},
  pages     = {1851--1861},
  year      = {2019},
}

@inproceedings{Smith2018Uncertainty,
  author    = {Lewis Smith and
               Yarin Gal},
  title     = {Understanding Measures of Uncertainty for Adversarial Example Detection},
  booktitle = {The Conference on Uncertainty in Artificial Intelligence (UAI)},
  pages     = {560--569},
  year      = {2018},
}

@article{Mukhoti2021Uncertainty,
  author    = {Jishnu Mukhoti and
               Andreas Kirsch and
               Joost van Amersfoort and
               Philip H. S. Torr and
               Yarin Gal},
  title     = {Deterministic Neural Networks with Appropriate Inductive Biases Capture Epistemic and Aleatoric Uncertainty},
  journal   = {CoRR},
  volume    = {abs/2102.11582},
  year      = {2021}
}


@inproceedings{Mavrin2019DistributionalRL,
  author    = {Borislav Mavrin and
               Hengshuai Yao and
               Linglong Kong and
               Kaiwen Wu and
               Yaoliang Yu},
  title     = {Distributional Reinforcement Learning for Efficient Exploration},
  booktitle = {International Conference on Machine Learning (ICML)},
  volume    = {97},
  pages     = {4424--4434},
  year      = {2019},
}

@inproceedings{Liu2020Uncertainty,
  author    = {Jeremiah Z. Liu and
               Zi Lin and
               Shreyas Padhy and
               Dustin Tran and
               Tania Bedrax{-}Weiss and
               Balaji Lakshminarayanan},
  title     = {Simple and Principled Uncertainty Estimation with Deterministic Deep Learning via Distance Awareness},
  booktitle = {Neural Information Processing Systems (Neurips)},
  year      = {2020}
}

@article{Rosca2020smoothness,
  author    = {Mihaela Rosca and
               Theophane Weber and
               Arthur Gretton and
               Shakir Mohamed},
  title     = {A case for new neural network smoothness constraints},
  journal   = {CoRR},
  volume    = {abs/2012.07969},
  year      = {2020}
}

@article{Liu2020soccer,
  author    = {Guiliang Liu and
               Yudong Luo and
               Oliver Schulte and
               Tarak Kharrat},
  title     = {Deep soccer analytics: learning an action-value function for evaluating soccer players},
  journal   = {Data Mining Knowledge Discovery},
  volume    = {34},
  number    = {5},
  pages     = {1531--1559},
  year      = {2020},
}

@inproceedings{Routley2015Markov,
  author    = {Kurt Routley and
               Oliver Schulte},
  title     = {A Markov Game Model for Valuing Player Actions in Ice Hockey},
  booktitle = {The Conference on Uncertainty in Artificial Intelligence (UAI)},
  pages     = {782--791},
  year      = {2015},
}

@inproceedings{Papamakarios2017MAF,
  author    = {George Papamakarios and
               Iain Murray and
               Theo Pavlakou},
  title     = {Masked Autoregressive Flow for Density Estimation},
  booktitle = {Neural Information Processing Systems (Neurips)},
  pages     = {{2338--2347}},
  year      = {2017},
}

@article{Schmidt2019noveltyMAF,
  author    = {Maximilian Schmidt and
               Marko Simic},
  title     = {Normalizing flows for novelty detection in industrial time series data},
  journal   = {{CoRR}},
  volume    = {abs/1906.06904},
  year      = {2019},
}

@inproceedings{Dias2020NFAnomaly,
  author    = {Madson L. D. Dias and
               C{\'{e}}sar Lincoln C. Mattos and
               Ticiana L. Coelho da Silva and
               Jos{\'{e}} Ant{\^{o}}nio Fernandes de Mac{\^{e}}do and
               Wellington C. P. Silva},
  title     = {Anomaly Detection in Trajectory Data with Normalizing Flows},
  booktitle = {International Joint Conference on Neural Networks (IJCNN)},
  pages     = {1--8},
  year      = {2020},
}

@inproceedings{Germain2015made,
  author    = {Mathieu Germain and
               Karol Gregor and
               Iain Murray and
               Hugo Larochelle},
  title     = {{MADE:} Masked Autoencoder for Distribution Estimation},
  booktitle = {International Conference on Machine Learning (ICML)},
  volume    = {37},
  pages     = {881--889},
  year      = {2015},
}

@inproceedings{Kumar2020CQL,
  author    = {Aviral Kumar and
               Aurick Zhou and
               George Tucker and
               Sergey Levine},
  title     = {Conservative Q-Learning for Offline Reinforcement Learning},
  booktitle = {Neural Information Processing Systems (Neurips)},
  year      = {2020},
}

@inproceedings{Kumar2019Stable,
  author    = {Aviral Kumar and
               Justin Fu and
               Matthew Soh and
               George Tucker and
               Sergey Levine},
  title     = {Stabilizing Off-Policy Q-Learning via Bootstrapping Error Reduction},
  booktitle = {Neural Information Processing Systems (Neurips)},
  pages     = {11761--11771},
  year      = {2019},
}

@inproceedings{Yu2020MOPO,
  author    = {Tianhe Yu and
               Garrett Thomas and
               Lantao Yu and
               Stefano Ermon and
               James Y. Zou and
               Sergey Levine and
               Chelsea Finn and
               Tengyu Ma},
  title     = {{MOPO:} Model-based Offline Policy Optimization},
  booktitle = {Neural Information Processing Systems (Neurips)},
  year      = {2020},
}

@inproceedings{Dabney2018DistributionalRL,
  author    = {Will Dabney and
               Mark Rowland and
               Marc G. Bellemare and
               R{\'{e}}mi Munos},
  title     = {Distributional Reinforcement Learning With Quantile Regression},
  booktitle = {{AAAI} Conference on Artificial Intelligence},
  pages     = {2892--2901},
  year      = {2018},
}

@inproceedings{Zhou2021Quantile,
  author    = {Fan Zhou and
               Zhoufan Zhu and
               Qi Kuang and
               Liwen Zhang},
  title     = {Non-decreasing Quantile Function Network with Efficient Exploration for Distributional Reinforcement Learning},
  booktitle = {International Joint Conference on Artificial Intelligence (IJCAI)},
  pages     = {3455--3461},
  year      = {2021},
}

@inproceedings{Zhou2020NonCrossing,
  author    = {Fan Zhou and
               Jianing Wang and
               Xingdong Feng},
  title     = {Non-Crossing Quantile Regression for Distributional Reinforcement Learning},
  booktitle = {Neural Information Processing Systems (Neurips)},
  year      = {2020},
}

@inproceedings{Luo2020IRL,
  author    = {Yudong Luo and
               Oliver Schulte and
               Pascal Poupart},
  title     = {Inverse Reinforcement Learning for Team Sports: Valuing Actions and
               Players},
  booktitle = {International Joint Conference on Artificial Intelligence (IJCAI)},
  pages     = {3356--3363},
  year      = {2020},
}

@book{bdr2022,
    title={Distributional Reinforcement Learning},
    author={Marc G. Bellemare and Will Dabney and Mark Rowland},
    publisher={MIT Press},
    year={2022}
}

@inproceedings{ODonoghue2018UncertaintyBellman,
  author    = {Brendan O'Donoghue and
               Ian Osband and
               R{\'{e}}mi Munos and
               Volodymyr Mnih},
  title     = {The Uncertainty Bellman Equation and Exploration},
  booktitle = {International Conference on Machine Learning (ICML)},
  volume    = {80},
  pages     = {3836--3845},
  year      = {2018}
}

@article{Chen2017QEnsembles,
  author    = {Richard Y. Chen and
               Szymon Sidor and
               Pieter Abbeel and
               John Schulman},
  title     = {{UCB} and InfoGain Exploration via Q-Ensembles},
  journal   = {CoRR},
  volume    = {abs/1706.01502},
  year      = {2017},
}

@inproceedings{Tang2018DistribExplore,
  author    = {Yunhao Tang and
               Shipra Agrawal},
  title     = {Exploration by Distributional Reinforcement Learning},
  booktitle = {International Joint Conference on Artificial Intelligence (IJCAI)},
  pages     = {2710--2716},
  year      = {2018},
}

@inproceedings{Zhang2019QUOTA,
  author    = {Shangtong Zhang and
               Hengshuai Yao},
  title     = {{QUOTA:} The Quantile Option Architecture for Reinforcement Learning},
  booktitle = {{AAAI} Conference on Artificial Intelligence},
  pages     = {5797--5804},
  year      = {2019},
}

@BOOK{schwartz2017handbook,
  title = {Handbook of Statistical Methods and Analyses in Sports},
  publisher = {CRC Press},
  year = {2017},
  author = {Albert, Jim and Glickman, Mark E and Swartz, Tim B and Koning, Ruud H}
}

@article{duffie1997overview,
  title={An overview of value at risk},
  author={Duffie, Darrell and Pan, Jun},
  journal={Journal of derivatives},
  volume={4},
  number={3},
  pages={7--49},
  year={1997}
}

@inproceedings{luo2022distributional,
    title = {Distributional Reinforcement Learning with Monotonic Splines},
    author = {Yudong Luo and Guiliang Liu and Haonan Duan and Oliver Schulte and Pascal Poupart},
    booktitle = {International Conference on Learning Representations (ICLR)},
    year={2022},
}

@inproceedings{Osband2016DeepBootstrapped,
  author    = {Ian Osband and
               Charles Blundell and
               Alexander Pritzel and
               Benjamin Van Roy},
  title     = {Deep Exploration via Bootstrapped {DQN}},
  booktitle = {Neural Information Processing Systems (Neurips)},
  pages     = {4026--4034},
  year      = {2016},
}

@inproceedings{An2021OfflineQEnsemble,
  author    = {Gaon An and
               Seungyong Moon and
               Jang{-}Hyun Kim and
               Hyun Oh Song},
  title     = {Uncertainty-Based Offline Reinforcement Learning with Diversified Q-Ensemble},
  booktitle = {Neural Information Processing Systems (Neurips)},
  pages     = {7436--7447},
  year      = {2021},
  }
  
  @inproceedings{Osband2018RandomizedPrior,
  author    = {Ian Osband and
               John Aslanides and
               Albin Cassirer},
  title     = {Randomized Prior Functions for Deep Reinforcement Learning},
  booktitle = {Neural Information Processing Systems (Neurips)},
  pages     = {8626--8638},
  year      = {2018},
}

@inproceedings{Kidambi2020MOReL,
  author    = {Rahul Kidambi and
               Aravind Rajeswaran and
               Praneeth Netrapalli and
               Thorsten Joachims},
  title     = {MOReL: Model-Based Offline Reinforcement Learning},
  booktitle = {Neural Information Processing Systems (Neurips)},
  year      = {2020},
}

@inproceedings{Lutjens2019SafeUncertainty,
  author    = {Bj{\"{o}}rn L{\"{u}}tjens and
               Michael Everett and
               Jonathan P. How},
  title     = {Safe Reinforcement Learning With Model Uncertainty Estimates},
  booktitle = {International Conference on Robotics and Automation, {ICRA}},
  pages     = {8662--8668},
  publisher = {{IEEE}},
  year      = {2019}
}

@article{mihatsch2002risk,
  title={Risk-sensitive reinforcement learning},
  author={Mihatsch, Oliver and Neuneier, Ralph},
  journal={Machine learning},
  volume={49},
  number={2},
  pages={267--290},
  year={2002},
  publisher={Springer}
}

@article{rockafellar2000optimization,
  title={Optimization of conditional value-at-risk},
  author={Rockafellar, R Tyrrell and Uryasev, Stanislav and others},
  journal={Journal of risk},
  volume={2},
  pages={21--42},
  year={2000},
  publisher={Citeseer}
}

@article{Shen2014RSRL,
  author    = {Yun Shen and
               Michael J. Tobia and
               Tobias Sommer and
               Klaus Obermayer},
  title     = {Risk-Sensitive Reinforcement Learning},
  journal   = {Neural Computing},
  volume    = {26},
  number    = {7},
  pages     = {1298--1328},
  year      = {2014},
}

@inproceedings{Chow2015RSRobust,
  author    = {Yinlam Chow and
               Aviv Tamar and
               Shie Mannor and
               Marco Pavone},
  title     = {Risk-Sensitive and Robust Decision-Making: a CVaR Optimization Approach},
  booktitle = {Neural Information Processing Systems (Neurips)},
  pages     = {1522--1530},
  year      = {2015},
}

@inproceedings{Xenopoulos2020CounterStrike,
  author    = {Peter Xenopoulos and
               Harish Doraiswamy and
               Cl{\'{a}}udio T. Silva},
  title     = {Valuing Player Actions in Counter-Strike: Global Offensive},
  booktitle = {{IEEE} International Conference on Big Data {(IEEE} BigData)},
  pages     = {1283--1292},
  publisher = {{IEEE}},
  year      = {2020},
}

@article{cervone2016multiresolution,
  title={A multiresolution stochastic process model for predicting basketball possession outcomes},
  author={Cervone, Daniel and D’Amour, Alex and Bornn, Luke and Goldsberry, Kirk},
  journal={Journal of the American Statistical Association},
  volume={111},
  number={514},
  pages={585--599},
  year={2016},
  publisher={Taylor \& Francis}
}

@inproceedings{Silva2020UncertaintyActionAdvise,
  author    = {Felipe Leno da Silva and
               Pablo Hernandez{-}Leal and
               Bilal Kartal and
               Matthew E. Taylor},
  title     = {Uncertainty-Aware Action Advising for Deep Reinforcement Learning Agents},
  booktitle = {{AAAI} Conference on Artificial Intelligence},
  pages     = {5792--5799},
  year      = {2020},
}


@InProceedings{wu2021UncertaintyActorCritic,
  title = 	 {Uncertainty Weighted Actor-Critic for Offline Reinforcement Learning},
  author =       {Wu, Yue and Zhai, Shuangfei and Srivastava, Nitish and Susskind, Joshua M and Zhang, Jian and Salakhutdinov, Ruslan and Goh, Hanlin},
  booktitle = 	 {International Conference on Machine Learning (ICML)},
  pages = 	 {11319--11328},
  year = 	 {2021},
  volume = 	 {139}
}

@inproceedings{Amersfoort2020FeatureCollapse,
  author    = {Joost van Amersfoort and
               Lewis Smith and
               Yee Whye Teh and
               Yarin Gal},
  title     = {Uncertainty Estimation Using a Single Deep Deterministic Neural Network},
  booktitle = {International Conference on Machine Learning {ICML}},
  volume    = {119},
  pages     = {9690--9700},
  publisher = {{PMLR}},
  year      = {2020}
}

@inproceedings{Lakshminarayanan2017Ensembles,
  author    = {Balaji Lakshminarayanan and
               Alexander Pritzel and
               Charles Blundell},
  title     = {Simple and Scalable Predictive Uncertainty Estimation using Deep Ensembles},
  booktitle = {Neural Information Processing Systems (Neurips)},
  pages     = {6402--6413},
  year      = {2017},
}

@inproceedings{Wen2020BatchEnsemble,
  author    = {Yeming Wen and
               Dustin Tran and
               Jimmy Ba},
  title     = {BatchEnsemble: an Alternative Approach to Efficient Ensemble and Lifelong Learning},
  booktitle = {International Conference on Learning Representations (ICLR)},
  year      = {2020}
}

@inproceedings{Dusenberry2020Bayesian,
  author    = {Michael Dusenberry and
               Ghassen Jerfel and
               Yeming Wen and
               Yi{-}An Ma and
               Jasper Snoek and
               Katherine A. Heller and
               Balaji Lakshminarayanan and
               Dustin Tran},
  title     = {Efficient and Scalable Bayesian Neural Nets with Rank-1 Factors},
  booktitle = {International Conference on Machine Learning {ICML}},
  volume    = {119},
  pages     = {2782--2792},
  year      = {2020},
}


@inproceedings{Todorov2012Mujoco,
  author    = {Emanuel Todorov and
               Tom Erez and
               Yuval Tassa},
  title     = {MuJoCo: {A} physics engine for model-based control},
  booktitle = {2012 {IEEE/RSJ} International Conference on Intelligent Robots and Systems, {IROS}},
  pages     = {5026--5033},
  publisher = {{IEEE}},
  year      = {2012},
}

@article{bellemare2013arcade,
  title={The arcade learning environment: An evaluation platform for general agents},
  author={Bellemare, Marc G and Naddaf, Yavar and Veness, Joel and Bowling, Michael},
  journal={Journal of Artificial Intelligence Research},
  volume={47},
  pages={253--279},
  year={2013}
}

@inproceedings{Fujimoto2019OffPolicy,
  author    = {Scott Fujimoto and
               David Meger and
               Doina Precup},
  title     = {Off-Policy Deep Reinforcement Learning without Exploration},
  booktitle = {International Conference on Machine Learning {ICML}},
  volume    = {97},
  pages     = {2052--2062},
  year      = {2019}
}

@book{conover1999practical,
  title={Practical nonparametric statistics},
  author={Conover, William Jay},
  volume={350},
  year={1999},
  publisher={john wiley \& sons}
}