% This file was created with JabRef 2.7.2.
% Encoding: Cp1252

@INCOLLECTION{Getoor2007c,
  author = {Getoor, Lise and Friedman, Nir and Koller, Daphne and Pfeffer, Avi
	and Taskar, Benjamin},
  title = {Probabilistic Relational Models},
  booktitle = {Introduction to Statistical Relational Learning},
  publisher = {MIT Press},
  year = {2007},
  chapter = {5},
  pages = {129-173},
  crossref = {SRL2007},
  owner = {hkhosrav},
  timestamp = {2008.10.10}
}

@ARTICLE{Chickering2003,
  author = {D. Chickering},
  title = {Optimal structure identification with greedy search},
  journal = {Journal of Machine Learning Research},
  year = {2003},
  volume = {3},
  pages = {507--554},
  address = {Cambridge, MA, USA},
  issn = {1533-7928},
  owner = {hkhosrav},
  publisher = {MIT Press},
  timestamp = {2008.10.08}
}

@BOOK{Domingos2009,
  title = {Markov Logic: An Interface Layer for Artificial Intelligence},
  publisher = {Morgan and Claypool Publishers},
  year = {2009},
  author = {Pedro Domingos and Daniel Lowd},
  abstract = {url = {http://researchbooks.org/1598296922}}
}

@BOOK{SRL2007,
  title = {Introduction to Statistical Relational Learning},
  publisher = {MIT Press},
  year = {2007},
  author = {Lise Getoor and Ben Taskar},
  owner = {hkhosrav},
  timestamp = {2008.10.08}
}

@ARTICLE{Getoor2001,
  author = {Getoor, Lise and Taskar, Benjamin and Koller, Daphne},
  title = {Selectivity estimation using probabilistic models},
  journal = {ACM SIGMOD Record},
  year = {2001},
  volume = {30},
  pages = {461--472},
  number = {2},
  address = {New York, NY, USA},
  file = {:D\:\\oschulte-srl\\texmf\\Getoor2001.pdf:PDF},
  owner = {hkhosrav},
  publisher = {ACM},
  timestamp = {2009.05.11}
}

@ARTICLE{Heckerman1995,
  author = {D. Heckerman and D. Geiger and D. Chickering},
  title = {Learning {B}ayesian networks: The combination of knowledge and statistical
	data},
  journal = {Machine Learning},
  year = {1995},
  volume = {20},
  pages = {197--243},
  file = {:Heckerman1995:PDF},
  owner = {hkhosrav},
  timestamp = {2008.10.08}
}

@MISC{bib:jbnsite,
  author = {H. Khosravi and T. Man and J. Hu and E. Gao and O. Schulte},
  title = {Learn and Join Algorithm Code.},
  note = {URL = \url{http://www.cs.sfu.ca/~oschulte/jbn/}},
  keywords = {statistical-relational},
  owner = {oliverschulte},
  timestamp = {2009.10.02}
}

@INPROCEEDINGS{Khosravi2010,
  author = {Hassan Khosravi and Oliver Schulte and Tong Man and Xiaoyuan Xu and
	Bahareh Bina},
  title = {Structure Learning for {Markov} Logic Networks with Many Descriptive
	Attributes},
  booktitle = {AAAI},
  year = {2010},
  pages = {487-493},
  file = {Khosravi2010.pdf:Khosravi2010.pdf:PDF},
  owner = {oliverschulte},
  timestamp = {2010.06.07}
}

@INPROCEEDINGS{Khot2011,
  author = {Tushar Khot and Sriraam Natarajan and Kristian Kersting and Jude
	W. Shavlik},
  title = {Learning {Markov} Logic Networks via Functional Gradient Boosting},
  booktitle = {ICDM},
  year = {2011},
  pages = {320-329},
  publisher = {IEEE Computer Society},
  bibsource = {DBLP, http://dblp.uni-trier.de},
  ee = {http://doi.ieeecomputersociety.org/10.1109/ICDM.2011.87},
  keywords = {statistical-relational}
}

@MISC{Khot2013,
  author = {Tushar Khot and Jude Shavlik and Sriraam Natarajan},
  title = {Boostr},
  year = {2013},
  note = {URL = \url{http://pages.cs.wisc.edu/~tushar/Boostr/}},
  keywords = {statistical-relational},
  owner = {oliverschulte},
  timestamp = {2009.10.02}
}

@ARTICLE{Natarajan2012,
  author = {Sriraam Natarajan and Tushar Khot and Kristian Kersting and Bernd
	Gutmann and Jude W. Shavlik},
  title = {Gradient-based boosting for statistical relational learning: The
	relational dependency network case},
  journal = {Machine Learning},
  year = {2012},
  volume = {86},
  pages = {25-56},
  number = {1},
  bibsource = {DBLP, http://dblp.uni-trier.de},
  ee = {http://dx.doi.org/10.1007/s10994-011-5244-9},
  keywords = {statistical-relational}
}

@BOOK{Neapolitan2004,
  title = {Learning {B}ayesian Networks},
  publisher = {Pearson Education},
  year = {2004},
  author = {R. E. Neapolitan},
  keywords = {digging},
  owner = {hkhosrav},
  timestamp = {2008.10.08}
}

@INPROCEEDINGS{Poole2003,
  author = {David Poole},
  title = {First-order probabilistic inference},
  booktitle = {IJCAI},
  year = {2003},
  pages = {985-991},
  bibsource = {DBLP, http://dblp.uni-trier.de},
  file = {Poole2003.pdf:Poole2003.pdf:PDF},
  keywords = {{B}ayes Nets, statistical-relational}
}

@BOOK{Russell2010,
  title = {Artificial Intelligence: A Modern Approach},
  publisher = {Prentice Hall},
  year = {2010},
  author = {Stuart Russell and Peter Norvig},
  owner = {oschulte},
  timestamp = {2011.09.30}
}

@MISC{Schulte2012c,
  author = {Oliver Schulte},
  title = {Challenge Paper: Marginal Probabilities for Instances and Classes},
  howpublished = {ICML-SRL Workshop on Statistical Relational Learning.},
  month = {June},
  year = {2012},
  owner = {oschulte},
  timestamp = {2012.07.24}
}

@INPROCEEDINGS{Schulte2011,
  author = {Oliver Schulte},
  title = {A tractable pseudo-likelihood function for {Bayes} Nets applied to
	relational data},
  booktitle = {SIAM SDM},
  year = {2011},
  pages = {462-473},
  keywords = {oliver, statistical-relational},
  owner = {oliverschulte},
  timestamp = {2011.01.13}
}

@ARTICLE{Schulte2012,
  author = {Oliver Schulte and Hassan Khosravi},
  title = {Learning graphical models for relational data via lattice search},
  journal = {Machine Learning},
  year = {2012},
  volume = {88},
  pages = {331-368},
  number = {3},
  owner = {oliverschulte},
  timestamp = {2012.04.11}
}

@ARTICLE{Schulte2013,
  author = {Oliver Schulte and Hassan Khosravi and Arthur Kirkpatrick and Tianxiang
	Gao and Yuke Zhu},
  title = {Modelling Relational Statistics With Bayes Nets},
  journal = {Machine Learning},
  year = {2013},
  pages = {forthcoming.},
  booktitle = {Inductive Logic Programming (ILP)},
  owner = {oschulte},
  timestamp = {2012.07.24}
}

@INPROCEEDINGS{Schulte2012b,
  author = {Oliver Schulte and Hassan Khosravi and Arthur Kirkpatrick and Tianxiang
	Gao and Yuke Zhu},
  title = {Modelling Relational Statistics With Bayes Nets},
  booktitle = {Inductive Logic Programming (ILP)},
  year = {2012},
  owner = {oschulte},
  timestamp = {2012.07.24}
}

@BOOK{Sun2012,
  title = {Mining Heterogeneous Information Networks: Principles and Methodologies},
  publisher = {Morgan \& Claypool Publishers},
  year = {2012},
  author = {Sun, Yizhou and Han, Jiawei},
  volume = {3},
  number = {2},
  pages = {1--159},
  journal = {Synthesis Lectures on Data Mining and Knowledge Discovery},
  owner = {zqian},
  timestamp = {2013.10.19}
}

@MISC{2008a,
  author = {{The Tetrad Group}},
  title = {The {Tetrad} Project},
  year = {2008},
  note = {http://www.phil.cmu.edu/ projects/tetrad/},
  key = {CMU Tetrad Project},
  keywords = {digging},
  owner = {hkhosrav},
  timestamp = {2008.10.08}
}

@BOOK{Ullman1982,
  title = {Principles of Database S<ystems},
  publisher = {W. H. Freeman \& Co.},
  year = {1982},
  author = {J. D. Ullman},
  edition = {2},
  keywords = {digging},
  owner = {hkhosrav},
  timestamp = {2008.10.08}
}

@INPROCEEDINGS{Yin2004,
  author = {Xiaoxin Yin and
	
	 Jiawei Han and
	
	 Jiong Yang and
	
	 Philip S. Yu},
  title = {CrossMine: Efficient Classification Across Multiple Database Relations},
  booktitle = {ICDE},
  year = {2004},
  pages = {399-410},
  publisher = {IEEE Computer Society},
  file = {:Z\:\\Subverrsion\\oschulte-texmf\\Yin2004.pdf:PDF},
  owner = {oschulte},
  timestamp = {2008.10.10}
}

@comment{jabref-meta: selector_review:}

@comment{jabref-meta: selector_publisher:}

@comment{jabref-meta: selector_author:}

@comment{jabref-meta: selector_journal:}

@comment{jabref-meta: selector_keywords:}

