@article{Schulte2018a,
author = {Schulte, Oliver and Qian, Zhensong},
doi = {10.1007/s41060-018-0130-1},
journal = {International Journal of Data Science and Analytics},
pages = {1--21},
publisher = {Springer},
title = {{{\{}FACTORBASE{\}}: multi-relational structure learning with {\{}SQL{\}} all the way}},
volume = {7(4)},
year = {2018}
}
@inproceedings{Routley2015a,
author = {Routley, Kurt and Schulte, Oliver},
booktitle = {Proceedings UAI},
pages = {782--791},
title = {{A Markov Game Model for Valuing Player Actions in Ice Hockey}},
year = {2015}
}
@article{Nickel2016,
author = {Nickel, Maximilian and Murphy, Kevin and Tresp, Volker and Gabrilovich, Evgeniy},
doi = {10.1109/JPROC.2015.2483592},
journal = {Proceedings IEEE},
number = {1},
pages = {11--33},
publisher = {IEEE},
title = {{A review of relational machine learning for knowledge graphs}},
volume = {104},
year = {2016}
}
@article{Campos2006,
author = {de Campos, Luis},
journal = {JMLR},
pages = {2149--2187},
title = {{A scoring function for learning {\{}B{\}}ayesian networks based on mutual information and conditional independence tests}},
url = {http://jmlr.org/papers/v7/decampos06a.html},
volume = {7},
year = {2006}
}
@inproceedings{Schulte2011,
author = {Schulte, Oliver},
booktitle = {Proceedings SIAM},
doi = {10.1137/1.9781611972818.40},
pages = {462--473},
title = {{A tractable pseudo-likelihood function for {\{}Bayes{\}} Nets applied to relational data}},
url = {https://doi.org/10.1137/1.9781611972818.40},
year = {2011}
}
@inproceedings{Lavrac13,
address = {Singapore},
author = {Perovsek, Matic and Vavpetic, Anze and Cestnik, Bojan and Lavrac, Nada},
booktitle = {Proceedings DS},
doi = {10.1007/978-3-642-40897-7\_10},
pages = {141--154},
publisher = {Springer},
series = {Lecture Notes in Computer Science},
title = {{A Wordification Approach to Relational Data Mining.}},
url = {https://doi.org/10.1007/978-3-642-40897-7{\%}5C{\_}10},
year = {2013}
}
@inproceedings{schulte2014aggregating,
address = {Orlando, FL, USA},
author = {Schulte, Oliver and Routley, Kurt},
booktitle = {Proceedings CIDM},
doi = {10.1109/CIDM.2014.7008657},
organization = {IEEE},
pages = {121--128},
title = {{Aggregating predictions vs. aggregating features for relational classification}},
url = {https://doi.org/10.1109/CIDM.2014.7008657},
year = {2014}
}
@article{Halpern90,
address = {Essex, UK},
author = {Halpern, Joseph Y},
doi = {10.1016/0004-3702(90)90019-V},
journal = {Artificial Intelligence},
keywords = {statistical-relational},
number = {3},
pages = {311--350},
publisher = {Elsevier Science Publishers Ltd.},
title = {{An analysis of first-order logics of probability}},
url = {https://doi.org/10.1016/0004-3702(90)90019-V},
volume = {46},
year = {1990}
}
@article{Fawcett2006,
author = {Fawcett, Tom},
doi = {10.1016/j.patrec.2005.10.010},
journal = {Pattern recognition letters},
number = {8},
pages = {861--874},
publisher = {Elsevier},
title = {{An introduction to ROC analysis}},
url = {https://doi.org/10.1016/j.patrec.2005.10.010},
volume = {27},
year = {2006}
}
@incollection{Horvath1999,
address = {Berlin, Heidelberg},
author = {Horv{\'{a}}th, Tam{\'{a}}s and Alexin, Zolt{\'{a}}n and Gyim{\'{o}}thy, Tibor and Wrobel, Stefan},
booktitle = {Inductive Logic Programming: 9th International Workshop, ILP-99 Bled},
editor = {{D{\v{z}}eroski Sa{\v{s}}oand Flach}, Peter},
pages = {128--139},
publisher = {Springer Berlin Heidelberg},
title = {{Application of Different Learning Methods to Hungarian Part-of-Speech Tagging}},
year = {1999}
}
@inproceedings{Wang2008,
author = {Wang, Daisy Zhe and Michelakis, Eirinaios and Garofalakis, Minos and Hellerstein, Joseph M},
booktitle = {Proceedings VLDB},
doi = {10.14778/1453856.1453896},
pages = {340--351},
publisher = {VLDB Endowment},
title = {{BayesStore: managing large, uncertain data repositories with probabilistic graphical models}},
url = {http://www.vldb.org/pvldb/1/1453896.pdf},
year = {2008}
}
@misc{url,
author = {Riahi, Fatemeh and Schulte, Oliver},
howpublished = {$\backslash$url{\{}ftp://ftp.fas.sfu.ca/pub/cs/oschulte/CodesAndDatasets/{\}}},
title = {{Codes and Datasets. [Online]. Available:}},
year = {2015}
}
@inproceedings{Koh2008,
address = {Canc{\{}$\backslash$'{\{}u{\}}{\}}n, Mexico},
author = {Koh, Judice L Y and Lee, Mong Li and Hsu, Wynne and Ang, Wee Tiong},
booktitle = {Proceedings ICDE},
organization = {IEEE},
pages = {1522--1524},
title = {{Correlation-based attribute outlier detection in XML}},
url = {http://ieeexplore.ieee.org/xpl/mostRecentIssue.jsp?punumber=4492792},
year = {2008}
}
@book{Tuffery2011,
author = {Tuffery, Stephane},
publisher = {Wiley Series in Computational Statistics},
title = {{Data Mining and Statistics for Decision Making}},
url = {http://ca.wiley.com/WileyCDA/WileyTitle/ productCd-0470688297.html},
year = {2011}
}
@inproceedings{Liu2018,
author = {Liu, Guiliang and Schulte, Oliver},
booktitle = {Proceedings IJCAI},
doi = {10.24963/ijcai.2018/478},
pages = {3442--3448},
publisher = {International Joint Conferences on Artificial Intelligence Organization},
title = {{Deep Reinforcement Learning in Ice Hockey for Context-Aware Player Evaluation}},
url = {https://doi.org/10.24963/ijcai.2018/478},
year = {2018}
}
@inproceedings{Sarawagi1998,
address = {Valencia, Spain},
author = {Sarawagi, Sunita and Agrawal, Rakesh and Megiddo, Nimrod},
booktitle = {Proceedings EDBT},
doi = {10.1007/BFb0100984},
pages = {168--182},
publisher = {Springer-Verlag},
title = {{Discovery-driven Exploration of {\{}OLAP{\}} Data Cubes}},
url = {https://doi.org/10.1007/BFb0100984},
year = {1998}
}
@incollection{Kirsten2001,
author = {Kirsten, Mathias and Wrobel, Stefan and Horv{\'{a}}th, Tam{\'{a}}s"},
booktitle = {Relational Data Mining},
editor = {D{\v{z}}eroski, Sa{\v{s}}o and Lavra{\v{c}}, Nada},
pages = {213--232},
publisher = {Springer Berlin Heidelberg},
title = {{Distance Based Approaches to Relational Learning and Clustering}},
year = {2001}
}
@article{Ramaswamy2000,
address = {Dallas, Texas, {\{}USA.{\}}},
author = {Ramaswamy, Sridhar and Rastogi, Rajeev and Shim, Kyuseok},
doi = {10.1145/342009.335437},
journal = {Proceedings SIGMOD},
pages = {427--438},
publisher = {ACM},
title = {{Efficient Algorithms for Mining Outliers from Large Data Sets}},
url = {https://doi.org/10.1145/342009.335437},
year = {2000}
}
@article{Duivesteijn2016,
author = {Duivesteijn, Wouter and Feelders, Ad J and Knobbe, Arno},
journal = {Data Mining and Knowledge Discovery},
number = {1},
pages = {47--98},
publisher = {Springer},
title = {{Exceptional model mining}},
volume = {30},
year = {2016}
}
@inproceedings{AndersonP08,
author = {Anderson, Grant and Pfahringer, Bernhard},
booktitle = {Proceedings {\{}PAKDD{\}}},
doi = {10.1007/978-3-540-68125-0_43},
pages = {494--502},
title = {{Exploiting Propositionalization Based on Random Relational Rules forSemi-supervised Learning}},
url = {http://dx.doi.org/10.1007/978-3-540-68125-0{\_}43},
year = {2008}
}
@techreport{Peralta2007,
author = {Peralta, Ver{\{}$\backslash$'o{\}}nika},
institution = {APDM project},
title = {{Extraction and Integration of MovieLens and IMDb}},
year = {2007}
}
@misc{bib:jbnsite,
author = {Khosravi, H and Man, T and Hu, J and Gao, E and Mar, Richard and Schulte, O},
howpublished = {[Online]. Available: URL = $\backslash$url{\{}https://github.com/sfu-cl-lab/FactorBase{\}}},
keywords = {statistical-relational},
title = {{FactorBase Code}},
year = {2019}
}
@inproceedings{Poole2003,
author = {Poole, David},
booktitle = {Proceedings IJCAI},
pages = {985--991},
title = {{First-order probabilistic inference}},
year = {2003}
}
@article{Akoglu2015,
author = {Akoglu, Leman and Tong, Hanghang and Koutra, Danai},
journal = {Data Mining and Knowledge Discovery},
number = {3},
pages = {626--688},
publisher = {Springer},
title = {{Graph based anomaly detection and description: a survey}},
volume = {29},
year = {2015}
}
@book{schwartz,
author = {Albert, Jim and Glickman, Mark E and Swartz, Tim B and Koning, Ruud H},
publisher = {CRC Press},
title = {{Handbook of Statistical Methods and Analyses in Sports}},
year = {2017}
}
@inproceedings{kuzelka2008,
author = {Kuvzelka, Ondvrej and Zelezny, Filip},
booktitle = {Late Breaking Papers, ILP},
pages = {69},
title = {{HiFi: Tractable Propositionalization through Hierarchical Feature Construction}},
year = {2008}
}
@inproceedings{Elke2013,
address = {New York, NY, USA},
author = {Achtert, Elke and Kriegel, Hans-Peter and Schubert, Erich and Zimek, Arthur},
booktitle = {Proceedings SIGMOD},
doi = {10.1145/2463676.2463696},
pages = {1009--1012},
title = {{Interactive data mining with 3D-parallel coordinate trees}},
url = {http://doi.acm.org/10.1145/2463676.2463696},
year = {2013}
}
@book{SRL2007,
author = {Getoor, Lise and Taskar, Ben},
publisher = {MIT Press},
title = {{Introduction to Statistical Relational Learning}},
year = {2007}
}
@article{Beirlant2001,
author = {Beirlant, Jan and Devroye, Luc and Gy{\"{o}}rfi, L{\'{a}}szl{\'{o}} and Vajda, Igor},
journal = {Journal of Statistical Planning and Inference},
number = {1-2},
pages = {1--16},
publisher = {Elsevier},
title = {{Large deviations of divergence measures on partitions}},
volume = {93},
year = {2001}
}
@article{Schulte2012,
author = {Schulte, Oliver and Khosravi, Hassan},
journal = {Machine Learning},
number = {3},
pages = {331--368},
title = {{Learning graphical models for relational data via lattice search}},
volume = {88},
year = {2012}
}
@phdthesis{Getoor2001a,
author = {Getoor, Lise},
school = {Department of Computer Science, Stanford University},
title = {{Learning Statistical Models From Relational Data}},
year = {2001}
}
@article{Kimmig2014,
author = {Kimmig, Angelika and Mihalkova, Lilyana and Getoor, Lise},
journal = {Machine Learning},
pages = {1--45},
publisher = {Springer},
title = {{Lifted graphical models: a survey}},
year = {2014}
}
@inproceedings{Schulte2017a,
address = {Melbourne, Australia},
author = {Schulte, Oliver and Gholami, Sajjad},
booktitle = {Proceedings JCAI},
doi = {10.24963/ijcai.2017/375},
pages = {2693--2700},
title = {{Locally Consistent {\{}Bayesian{\}} Network Scores for Multi-Relational Data}},
url = {https://doi.org/10.24963/ijcai.2017/375},
year = {2017}
}
@inproceedings{Breunig2000,
author = {Breunig, Markus and Kriegel, Hans-Peter and Ng, Raymond T and Sander, J{\{}$\backslash$"{\{}o{\}}{\}}rg},
booktitle = {Proceedings ACM SIGMOD},
doi = {10.1145/342009.335388},
pages = {93--104},
title = {{LOF: Identifying Density-Based Local Outliers}},
url = {https://doi.org/10.1145/342009.335388},
year = {2000}
}
@incollection{Domingos2007,
author = {Domingos, Pedro and Richardson, Matthew},
booktitle = {Introduction to Statistical Relational Learning},
publisher = {MIT Press},
title = {{Markov Logic: A Unifying Framework for Statistical Relational Learning}},
year = {2007}
}
@book{Domingos2009,
abstract = {url = {\{}http://researchbooks.org/1598296922{\}}},
author = {Domingos, Pedro and Lowd, Daniel},
publisher = {Morgan and Claypool Publishers},
title = {{Markov Logic: An Interface Layer for Artificial Intelligence}},
year = {2009}
}
@inproceedings{Tang2013,
author = {Tang, Guanting and Bailey, James and Pei, Jian and Dong, Guozhu},
booktitle = {Proceedings SSDBM},
doi = {10.3233/IDA-150764},
pages = {43},
title = {{Mining multidimensional contextual outliers from categorical relational data}},
url = {https://doi.org/10.3233/IDA-150764},
year = {2013}
}
@inproceedings{Riahi2015,
author = {Riahi, Fatemeh and Schulte, Oliver},
booktitle = {Proceedings SSCI},
doi = {10.1109/SSCI.2015.224},
organization = {IEEE},
pages = {1590--1598},
title = {{Model-Based Outlier Detection for Object-Relational Data}},
url = {https://doi.org/10.1109/SSCI.2015.224},
year = {2015}
}
@article{Schulte2014,
author = {Schulte, Oliver and Khosravi, Hassan and Kirkpatrick, Arthur and Gao, Tianxiang and Zhu, Yuke},
journal = {Machine Learning},
pages = {105--125},
title = {{Modelling Relational Statistics With Bayes Nets}},
url = {http://link.springer.com/article/ 10.1007{\%}2Fs10994-013-5362-7},
volume = {94},
year = {2014}
}
@book{Knobbe2006,
author = {Knobbe, Arno J},
publisher = {Ios Press},
title = {{Multi-relational data mining}},
volume = {145},
year = {2006}
}
@inproceedings{Koller1997,
author = {Koller, Daphne and Pfeffer, Avi},
booktitle = {Proceedings UAI},
editor = {Geiger, Dan and Shenoy, Prakash P},
pages = {302--313},
publisher = {Morgan Kaufmann},
title = {{Object-Oriented {\{}B{\}}ayesian Networks}},
url = {http://arxiv.org/abs/1302.1554},
year = {1997}
}
@inproceedings{Akoglu2010,
author = {Akoglu, Leman and Mcglohon, Mary and Faloutsos, Christos},
booktitle = {Proceedings PAKDD},
doi = {10.1007/978-3-642-13672-6\_40},
pages = {410--421},
title = {{OddBall: Spotting Anomalies in Weighted Graphs}},
url = {https://doi.org/10.1007/978-3-642-13672-6{\%}5C{\_}40},
year = {2010}
}
@inproceedings{Gao2010,
address = {New York, NY, USA},
author = {Gao, Jing and Liang, Feng and Fan, Wei and Wang, Chi and Sun, Yizhou and Han, Jiawei},
booktitle = {Proceedings ACM SIGKDD},
doi = {10.1145/1835804.1835907},
isbn = {978-1-4503-0055-1},
pages = {813--822},
publisher = {ACM},
series = {KDD '10},
title = {{On Community Outliers and Their Efficient Detection in Information Networks}},
url = {http://doi.acm.org/10.1145/1835804.1835907},
year = {2010}
}
@article{Beirlant1994,
author = {Beirlant, Jan and Gy{\"{o}}rfi, L{\'{a}}szl{\'{o}} and Lugosi, G{\'{a}}bor},
journal = {Canadian Journal of Statistics},
number = {3},
pages = {309--318},
publisher = {Wiley Online Library},
title = {{On the asymptotic normality of the {\{}L{\}}1-and {\{}L{\}}2-errors in histogram density estimation}},
volume = {22},
year = {1994}
}
@article{Nielsen2014,
author = {Nielsen, Frank and Nock, Richard},
journal = {IEEE Signal Processing Letters},
number = {1},
pages = {10--13},
publisher = {IEEE},
title = {{On the chi square and higher-order chi distances for approximating f-divergences}},
volume = {21},
year = {2014}
}
@article{Fisher1921,
author = {Fisher, Ronald A},
journal = {Metron},
pages = {3--32},
title = {{On the probable error of a coefficient of correlation deduced froma small sample}},
volume = {1},
year = {1921}
}
@book{aggarwal2013,
author = {Aggarwal, Charu C},
isbn = {9781461463955},
publisher = {Springer New York},
title = {{Outlier Analysis}},
url = {http://books.google.ca/books?id=900CkgEACAAJ},
year = {2013}
}
@article{Angiulli2007,
author = {Angiulli, Fabrizio and Greco, Gianluigi and Palopoli, Luigi},
journal = {ACM Transactions on Computational Logic},
number = {1(7)},
publisher = {ACM},
title = {{Outlier Detection by Logic Programming}},
volume = {9},
year = {2004}
}
@article{Maervoet2012,
address = {Tarrytown, NY, USA},
author = {Maervoet, Joris and Vens, Celine and {Vanden Berghe}, Greet and Blockeel, Hendrik and {De Causmaecker}, Patrick},
doi = {10.1016/j.eswa.2011.09.125},
issn = {0957-4174},
journal = {Expert Systems With Applications},
month = {apr},
number = {5},
pages = {4718--4728},
publisher = {Pergamon Press, Inc.},
title = {{Outlier Detection in Relational Data: A Case Study in Geographical Information Systems}},
url = {http://dx.doi.org/10.1016/j.eswa.2011.09.125},
volume = {39},
year = {2012}
}
@inproceedings{Muller2012,
author = {Muller, Emmanuel and Assent, Ira and Iglesias, Patricia and Mulle, Yvonne and Bohm, Klemens},
booktitle = {Proceedings of ICDM},
doi = {ICDM.2012.112},
title = {{Outlier Ranking via Subspace Analysis in Multiple Views of the Data}},
url = {https://doi.org/10.1109/ICDM.2012.112},
year = {2012}
}
@techreport{Barrio2004,
author = {Garcia-del-Barrio, Pedro and Pujol, Francesc},
institution = {School of Economics and Business Administration, University of Navarra},
month = {mar},
number = {05/04},
title = {{Pay and Performance in the Spanish Soccer League: Who Gets the Expected Monopsony Rents?}},
type = {Faculty Working Papers},
url = {https://ideas.repec.org/p/una/unccee/wp0504.html},
year = {2004}
}
@incollection{Heckerman+al:SRL07,
author = {Heckerman, David and Meek, Chris and Koller, Daphne},
booktitle = {Introduction to Statistical Relational Learning},
editor = {Getoor, L and Taskar, B},
publisher = {MIT Press},
title = {{Probabilistic Entity-Relationship Models, {\{}PRMs{\}}, and Plate Models}},
year = {2007}
}
@book{Pearl1988,
author = {Pearl, Judea},
publisher = {Morgan Kaufmann},
title = {{Probabilistic Reasoning in Intelligent Systems}},
year = {1988}
}
@incollection{Kramer2000,
author = {Kramer, Stefan and Lavrac, Nada and Flach, Peter},
booktitle = {Relational Data Mining},
isbn = {3-540-42289-7},
pages = {262--286},
publisher = {Springer},
title = {{Propositionalization approaches to relational data mining}},
year = {2000}
}
@inproceedings{Riahi2016,
address = {Key Largo, Florida, USA},
author = {Riahi, Fatemeh and Schulte, Oliver},
booktitle = {Proceedings {\{}FLAIRS{\}}},
pages = {448--453},
title = {{Propositionalization for Unsupervised Outlier Detection in Multi-Relational Data}},
url = {http://www.aaai.org/ocs/index.php/FLAIRS/FLAIRS16/paper/ view/12786},
year = {2016}
}
@inproceedings{Sun2009,
address = {New York, NY, USA},
author = {Sun, Yizhou and Jiawei, Han and Zhao, Peixiang},
booktitle = {Proceedings EDBT},
pages = {565--576},
publisher = {ACM},
title = {{RankClus: Integrating Clustering with Ranking for Heterogeneous InformationNetwork Analysis}},
year = {2009}
}
@inproceedings{Riedel2013,
address = {Westin Peachtree Plaza Hotel, Atlanta, Georgia, {\{}USA{\}}},
author = {Riedel, Sebastian and Yao, Limin and McCallum, Andrew and Marlin, Benjamin M},
booktitle = {Proceedings Human Language Technologies-NAACL},
pages = {74--84},
title = {{Relation Extraction with Matrix Factorization and Universal Schemas}},
url = {http://aclweb.org/anthology/N/N13/N13-1008.pdf},
year = {2013}
}
@article{Horvath2001,
author = {Horv{\'{a}}th, Tam{\'{a}}s and Wrobel, Stefan and Bohnebeck, Uta},
issn = {1573-0565},
journal = {Machine Learning},
number = {1},
pages = {53--80},
title = {{Relational Instance-Based Learning with Lists and Terms}},
volume = {43},
year = {2001}
}
@inproceedings{Xiang2011,
author = {Xiang, Rongjing and Neville, Jennifer},
booktitle = {Proceedings AISTATS},
pages = {779--788},
title = {{Relational learning with one network: An asymptotic analysis}},
url = {http://proceedings.mlr.press/v15/xiang11a/xiang11a.pdf},
year = {2011}
}
@inproceedings{Khot2014,
address = {Qu{\{}$\backslash$'{\{}e{\}}{\}}bec City, Qu{\{}$\backslash$'{\{}e{\}}{\}}bec, Canada},
author = {Khot, Tushar and Natarajan, Sriraam and Shavlik, Jude W},
booktitle = {Proceedings AAAI},
pages = {2453--2459},
title = {{Relational One-Class Classification: {\{}A{\}} Non-Parametric Approach}},
url = {http://www.aaai.org/ocs/index.php/AAAI/AAAI14/paper/view/ 8578},
year = {2014}
}
@manual{RROCR2012,
annote = {R package version 1.0-4},
author = {Sing, Tobias and Sander, Oliver and Beerenwinkel, Niko and Lengauer, Thomas},
title = {{ROCR: Visualizing the performance of scoring classifiers.}},
url = {http://cran.r-project.org/package=ROCR},
year = {2012}
}
@article{Novak2009,
author = {Novak, Petra Kralj and Lavra{\v{c}}, Nada and Webb, Geoffrey I},
journal = {The Journal of Machine Learning Research},
pages = {377--403},
publisher = {JMLR. org},
title = {{Supervised descriptive rule discovery: A unifying survey of contrast set, emerging pattern and subgroup mining}},
volume = {10},
year = {2009}
}
@article{Hall2002,
author = {Hall, Stephen and Szymanski, Stefan and Zimbalist, Andrew S},
journal = {Journal of Sports Economics},
number = {2},
pages = {149--168},
title = {{Testing Causality Between Team Performance and Payroll: The Cases of Major League Baseball and English Soccer}},
url = {http://jse.sagepub.com/content/3/2/149.abstract},
volume = {3},
year = {2002}
}
@proceedings{DBLP:conf/uai/1997,
booktitle = {UAI},
editor = {Geiger, Dan and Shenoy, Prakash P},
publisher = {Morgan Kaufmann},
title = {{UAI '97: Proceedings of the Thirteenth Conference on Uncertainty in Artificial Intelligence, August 1-3, 1997, Brown University, Providence, Rhode Island, USA}},
year = {1997}
}
@article{Cansado2008,
address = {Bristol, PA, USA},
author = {Cansado, Antonio and Soto, Alvaro},
doi = {10.1080/08839510801972801},
issn = {0883-9514},
journal = {Appllied Artificial Intelligence},
publisher = {Taylor {\&} Francis, Inc.},
title = {{UNSUPERVISED ANOMALY DETECTION IN LARGE DATABASES USING {\{}Bayes Nets{\}}}},
year = {2008}
}
