%% LaTeX2e file `KnowledgeDiscoveryFinalSarah.bib'
%% generated by the `filecontents' environment
%% from source `KnowledgeDiscoveryFinalSarah' on 2020/01/23.
%%
% This file was created with JabRef 2.7.
% Encoding: ISO8859_1

@INPROCEEDINGS{Elke2013,
  author = {Achtert, Elke and Kriegel, Hans-Peter and Schubert, Erich and Zimek,
 Arthur},
  title = {Interactive data mining with 3D-parallel coordinate trees},
  booktitle = {Proceedings SIGMOD},
  year = {2013},
  pages = {1009--1012},
  address = {New York, NY, USA},
  doi = {10.1145/2463676.2463696},
  url = {http://doi.acm.org/10.1145/2463676.2463696}
}

@BOOK{aggarwal2013,
  title = {Outlier Analysis},
  publisher = {Springer New York},
  year = {2013},
  author = {Aggarwal, Charu C},
  isbn = {9781461463955},
  url = {http://books.google.ca/books?id=900CkgEACAAJ}
}

@INPROCEEDINGS{Akoglu2010,
  author = {Akoglu, Leman and Mcglohon, Mary and Faloutsos, Christos},
  title = {OddBall: Spotting Anomalies in Weighted Graphs},
  booktitle = {Proceedings PAKDD},
  year = {2010},
  pages = {410--421},
  doi = {10.1007/978-3-642-13672-6_40},
  url = {https://doi.org/10.1007/978-3-642-13672-6{\%}5C{\_}40}
}

@ARTICLE{Akoglu2015,
  author = {Akoglu, Leman and Tong, Hanghang and Koutra, Danai},
  title = {Graph based anomaly detection and description: a survey},
  journal = {Data Mining and Knowledge Discovery},
  year = {2015},
  volume = {29},
  pages = {626--688},
  number = {3},
  publisher = {Springer}
}

@BOOK{schwartz,
  title = {Handbook of Statistical Methods and Analyses in Sports},
  publisher = {CRC Press},
  year = {2017},
  author = {Albert, Jim and Glickman, Mark E and Swartz, Tim B and Koning, Ruud
 H}
}

@INPROCEEDINGS{AndersonP08,
  author = {Anderson, Grant and Pfahringer, Bernhard},
  title = {Exploiting Propositionalization Based on Random Relational Rules
 for semi-supervised Learning},
  booktitle = {Proceedings {PAKDD} },
  year = {2008},
  pages = {494--502},
  doi = {10.1007/978-3-540-68125-0_43},
  url = {http://dx.doi.org/10.1007/978-3-540-68125-0{\_}43}
}

@ARTICLE{Angiulli2007,
  author = {Angiulli, Fabrizio and Greco, Gianluigi and Palopoli, Luigi},
  title = {Outlier Detection by Logic Programming},
  journal = {ACM Transactions on Computational Logic},
  year = {2004},
  volume = {9},
  pages = {7},
  number = {1(7)},
  publisher = {ACM}
}

@ARTICLE{Beirlant2001,
  author = {Beirlant, Jan and Devroye, Luc and Gy{\"{o}}rfi, L{\'{a}}szl{\'{o}}
 and Vajda, Igor},
  title = {Large deviations of divergence measures on partitions},
  journal = {Journal of Statistical Planning and Inference},
  year = {2001},
  volume = {93},
  pages = {1--16},
  number = {1-2},
  publisher = {Elsevier}
}

@ARTICLE{Beirlant1994,
  author = {Beirlant, Jan and Gy{\"{o}}rfi, L{\'{a}}szl{\'{o}} and Lugosi, G{\'{a}}bor},
  title = {On the asymptotic normality of the {L}1-and {L}2-errors in histogram density estimation},
  journal = {Canadian Journal of Statistics},
  year = {1994},
  volume = {22},
  pages = {309--318},
  number = {3},
  publisher = {Wiley Online Library}
}

@INPROCEEDINGS{Breunig2000,
  author = {Breunig, Markus and Kriegel, Hans-Peter and Ng, Raymond T and Sander,
 J\"org},
  title = {LOF: Identifying Density-Based Local Outliers},
  booktitle = {Proceedings ACM SIGMOD},
  year = {2000},
  pages = {93--104},
  doi = {10.1145/342009.335388},
  url = {https://doi.org/10.1145/342009.335388}
}

@ARTICLE{Campos2006,
  author = {de Campos, Luis},
  title = {A scoring function for learning {Bayesian }networks based
 on mutual information and conditional independence tests},
  journal = {JMLR},
  year = {2006},
  volume = {7},
  pages = {2149--2187},
  url = {http://jmlr.org/papers/v7/decampos06a.html}
}

@ARTICLE{Cansado2008,
  author = {Cansado, Antonio and Soto, Alvaro},
  title = {Unsupervised anomaly detection in large databases using {Bayesian} networks},
  journal = {Applied Artificial Intelligence},
  year = {2008},
  volume = {22},
  pages = {309--330},
  address = {Bristol, PA, USA},
  doi = {10.1080/08839510801972801},
  issn = {0883-9514},
  publisher = {Taylor {\&} Francis, Inc.}
}

@BOOK{Domingos2009,
  title = {Markov Logic: An Interface Layer for Artificial Intelligence},
  publisher = {Morgan and Claypool Publishers},
  year = {2009},
  author = {Domingos, Pedro and Lowd, Daniel},
  abstract = {url = {\{}http://researchbooks.org/1598296922{\}}}
}

@INCOLLECTION{Domingos2007,
  author = {Domingos, Pedro and Richardson, Matthew},
  title = {{Markov} Logic: A Unifying Framework for Statistical Relational Learning},
  booktitle = {Introduction to Statistical Relational Learning},
  publisher = {MIT Press},
  year = {2007}
}

@ARTICLE{Duivesteijn2016,
  author = {Duivesteijn, Wouter and Feelders, Ad J and Knobbe, Arno},
  title = {{Exceptional model mining}},
  journal = {Data Mining and Knowledge Discovery},
  year = {2016},
  volume = {30},
  pages = {47--98},
  number = {1},
  publisher = {Springer}
}

@ARTICLE{Fawcett2006,
  author = {Fawcett, Tom},
  title = {{An introduction to ROC analysis}},
  journal = {Pattern recognition letters},
  year = {2006},
  volume = {27},
  pages = {861--874},
  number = {8},
  doi = {10.1016/j.patrec.2005.10.010},
  publisher = {Elsevier},
  url = {https://doi.org/10.1016/j.patrec.2005.10.010}
}

@ARTICLE{Fisher1921,
  author = {Fisher, Ronald A},
  title = {{On the probable error of a coefficient of correlation deduced from a
 small sample}},
  journal = {Metron},
  year = {1921},
  volume = {1},
  pages = {3--32}
}

@INPROCEEDINGS{Gao2010,
  author = {Gao, Jing and Liang, Feng and Fan, Wei and Wang, Chi and Sun, Yizhou
 and Han, Jiawei},
  title = {On Community Outliers and Their Efficient Detection in Information
 Networks},
  booktitle = {Proceedings ACM SIGKDD},
  year = {2010},
  series = {KDD '10},
  pages = {813--822},
  address = {New York, NY, USA},
  publisher = {ACM},
  doi = {10.1145/1835804.1835907},
  isbn = {978-1-4503-0055-1},
  url = {http://doi.acm.org/10.1145/1835804.1835907}
}

@TECHREPORT{Barrio2004,
  author = {Garcia-del-Barrio, Pedro and Pujol, Francesc},
  title = {Pay and Performance in the Spanish Soccer League: Who Gets the Expected
 Monopsony Rents?},
  institution = {School of Economics and Business Administration, University of Navarra},
  year = {2004},
  type = {Faculty Working Papers},
  number = {05/04},
  month = {March},
  url = {https://ideas.repec.org/p/una/unccee/wp0504.html}
}

@PHDTHESIS{Getoor2001a,
  author = {Getoor, Lise},
  title = {{Learning Statistical Models From Relational Data}},
  school = {Department of Computer Science, Stanford University},
  year = {2001}
}

@BOOK{SRL2007,
  title = {{Introduction to Statistical Relational Learning}},
  publisher = {MIT Press},
  year = {2007},
  author = {Getoor, Lise and Taskar, Ben}
}

@ARTICLE{Hall2002,
  author = {Hall, Stephen and Szymanski, Stefan and Zimbalist, Andrew S},
  title = {{Testing Causality Between Team Performance and Payroll: The Cases
 of Major League Baseball and English Soccer}},
  journal = {Journal of Sports Economics},
  year = {2002},
  volume = {3},
  pages = {149--168},
  number = {2},
  url = {http://jse.sagepub.com/content/3/2/149.abstract}
}

@ARTICLE{Halpern90,
  author = {Halpern, Joseph Y},
  title = {{An analysis of first-order logics of probability}},
  journal = {Artificial Intelligence},
  year = {1990},
  volume = {46},
  pages = {311--350},
  number = {3},
  address = {Essex, UK},
  doi = {10.1016/0004-3702(90)90019-V},
  keywords = {statistical-relational},
  publisher = {Elsevier Science Publishers Ltd.},
  url = {https://doi.org/10.1016/0004-3702(90)90019-V}
}

@INCOLLECTION{Heckerman+al:SRL07,
  author = {Heckerman, David and Meek, Chris and Koller, Daphne},
  title = {Probabilistic Entity-Relationship Models, {PRMs}, and Plate
 Models},
  booktitle = {Introduction to Statistical Relational Learning},
  publisher = {MIT Press},
  year = {2007},
  editor = {Getoor, L and Taskar, B}
}

@INCOLLECTION{Horvath1999,
  author = {Horv{\'{a}}th, Tam{\'{a}}s and Alexin, Zolt{\'{a}}n and Gyim{\'{o}}thy,
 Tibor and Wrobel, Stefan},
  title = {Application of Different Learning Methods to Hungarian Part-of-Speech
 Tagging},
  booktitle = {Inductive Logic Programming: 9th International Workshop, ILP-99 Bled},
  publisher = {Springer Berlin Heidelberg},
  year = {1999},
  editor = {D{\v{z}}eroski, Sa{\v{s}}o and Flach, Peter},
  pages = {128--139},
  address = {Berlin, Heidelberg}
}

@ARTICLE{Horvath2001,
  author = {Horv{\'{a}}th, Tam{\'{a}}s and Wrobel, Stefan and Bohnebeck, Uta},
  title = {{Relational Instance-Based Learning with Lists and Terms}},
  journal = {Machine Learning},
  year = {2001},
  volume = {43},
  pages = {53--80},
  number = {1},
  issn = {1573-0565}
}

@MISC{bib:jbnsite,
  author = {Khosravi, H and Man, T and Hu, J and Gao, E and Mar, Richard and
 Schulte, O},
  title = {FactorBase code},
  howpublished = {[Online]. Available: URL = \url{https://github.com/sfu-ml-lab/FactorBase}},
  year = {2019},
  keywords = {statistical-relational}
}

@INPROCEEDINGS{Khot2014,
  author = {Khot, Tushar and Natarajan, Sriraam and Shavlik, Jude W},
  title = {Relational One-Class Classification: A Non-Parametric Approach},
  booktitle = {Proceedings AAAI},
  year = {2014},
  pages = {2453--2459},
  address = {Quebec City, Quebec, Canada},
  url = {http://www.aaai.org/ocs/index.php/AAAI/AAAI14/paper/view/ 8578}
}

@ARTICLE{Kimmig2014,
  author = {Kimmig, Angelika and Mihalkova, Lilyana and Getoor, Lise},
  title = {{Lifted graphical models: a survey}},
  journal = {Machine Learning},
  year = {2014},
  pages = {1--45},
  publisher = {Springer}
}

@INCOLLECTION{Kirsten2001,
  author = {Kirsten, Mathias and Wrobel, Stefan and Horv{\'{a}}th, Tam{\'{a}}s},
  title = {Distance-Based Approaches to Relational Learning and Clustering},
  booktitle = {Relational Data Mining},
  publisher = {Springer Berlin Heidelberg},
  year = {2001},
  editor = {D{\v{z}}eroski, Sa{\v{s}}o and Lavra{\v{c}}, Nada},
  pages = {213--232}
}

@BOOK{Knobbe2006,
  title = {{Multi-relational data mining}},
  publisher = {Ios Press},
  year = {2006},
  author = {Knobbe, Arno J},
  volume = {145}
}

@INPROCEEDINGS{Koh2008,
  author = {Koh, Judice L Y and Lee, Mong Li and Hsu, Wynne and Ang, Wee Tiong},
  title = {{Correlation-based attribute outlier detection in XML}},
  booktitle = {Proceedings ICDE},
  year = {2008},
  pages = {1522--1524},
  address = {Cancun, Mexico},
  organization = {IEEE},
  url = {http://ieeexplore.ieee.org/xpl/mostRecentIssue.jsp?punumber=4492792}
}

@INPROCEEDINGS{Koller1997,
  author = {Koller, Daphne and Pfeffer, Avi},
  title = {Object-Oriented {Bayesian} Networks},
  booktitle = {Proceedings UAI},
  year = {1997},
  editor = {Geiger, Dan and Shenoy, Prakash P},
  pages = {302--313},
  publisher = {Morgan Kaufmann},
  url = {http://arxiv.org/abs/1302.1554}
}

@INCOLLECTION{Kramer2000,
  author = {Kramer, Stefan and Lavrac, Nada and Flach, Peter},
  title = {Propositionalization approaches to relational data mining},
  booktitle = {Relational Data Mining},
  publisher = {Springer},
  year = {2000},
  pages = {262--286},
  isbn = {3-540-42289-7}
}

@INPROCEEDINGS{kuzelka2008,
  author = {Kuvzelka, Ondvrej and Zelezny, Filip},
  title = {HiFi: Tractable Propositionalization through Hierarchical Feature
 Construction},
  booktitle = {Late Breaking Papers, ILP},
  year = {2008},
  pages = {69}
}

@INPROCEEDINGS{Liu2018,
  author = {Liu, Guiliang and Schulte, Oliver},
  title = {{Deep Reinforcement Learning in Ice Hockey for Context-Aware Player
 Evaluation}},
  booktitle = {Proceedings IJCAI},
  year = {2018},
  pages = {3442--3448},
  publisher = {International Joint Conferences on Artificial Intelligence Organization},
  doi = {10.24963/ijcai.2018/478},
  url = {https://doi.org/10.24963/ijcai.2018/478}
}

@ARTICLE{Maervoet2012,
  author = {Maervoet, Joris and Vens, Celine and {Vanden Berghe}, Greet and Blockeel,
 Hendrik and {De Causmaecker}, Patrick},
  title = {Outlier Detection in Relational Data: A Case Study in Geographical
 Information Systems},
  journal = {Expert Systems With Applications},
  year = {2012},
  volume = {39},
  pages = {4718--4728},
  number = {5},
  month = {April},
  address = {Tarrytown, NY, USA},
  doi = {10.1016/j.eswa.2011.09.125},
  issn = {0957-4174},
  publisher = {Pergamon Press, Inc.},
  url = {http://dx.doi.org/10.1016/j.eswa.2011.09.125}
}

@INPROCEEDINGS{Muller2012,
  author = {Muller, Emmanuel and Assent, Ira and Iglesias, Patricia and Mulle,
 Yvonne and Bohm, Klemens},
  title = {Outlier Ranking via Subspace Analysis in Multiple Views of the Data},
  booktitle = {Proceedings ICDM},
  year = {2012},
  pages = {529--538},
  doi = {ICDM.2012.112},
  url = {https://doi.org/10.1109/ICDM.2012.112}
}

@ARTICLE{Nickel2016,
  author = {Nickel, Maximilian and Murphy, Kevin and Tresp, Volker and Gabrilovich,
 Evgeniy},
  title = {{A review of relational machine learning for knowledge graphs}},
  journal = {Proceedings IEEE},
  year = {2016},
  volume = {104},
  pages = {11--33},
  number = {1},
  doi = {10.1109/JPROC.2015.2483592},
  publisher = {IEEE}
}

@ARTICLE{Nielsen2014,
  author = {Nielsen, Frank and Nock, Richard},
  title = {{On the chi square and higher-order chi distances for approximating
 f-divergences}},
  journal = {IEEE Signal Processing Letters},
  year = {2014},
  volume = {21},
  pages = {10--13},
  number = {1},
  publisher = {IEEE}
}

@ARTICLE{Novak2009,
  author = {Novak, Petra Kralj and Lavra{\v{c}}, Nada and Webb, Geoffrey I},
  title = {{Supervised descriptive rule discovery: A unifying survey of contrast
 set, emerging pattern and subgroup mining}},
  journal = {The Journal of Machine Learning Research},
  year = {2009},
  volume = {10},
  pages = {377--403},
  publisher = {JMLR. org}
}

@BOOK{Pearl1988,
  title = {{Probabilistic Reasoning in Intelligent Systems}},
  publisher = {Morgan Kaufmann},
  year = {1988},
  author = {Pearl, Judea}
}

@TECHREPORT{Peralta2007,
  author = {Peralta, Ver{\'{o}}nika},
  title = {{Extraction and Integration of MovieLens and IMDb}},
  institution = {APDM project},
  year = {2007}
}

@INPROCEEDINGS{Lavrac13,
  author = {Perovsek, Matic and Vavpetic, Anze and Cestnik, Bojan and Lavrac,
 Nada},
  title = {A Wordification Approach to Relational Data Mining},
  booktitle = {Proceedings DS},
  year = {2013},
  series = {Lecture Notes in Computer Science},
  pages = {141--154},
  address = {Singapore},
  publisher = {Springer},
  doi = {10.1007/978-3-642-40897-7_10},
  url = {https://doi.org/10.1007/978-3-642-40897-7{\%}5C{\_}10}
}

@INPROCEEDINGS{Poole2003,
  author = {Poole, David},
  title = {{First-order probabilistic inference}},
  booktitle = {Proceedings IJCAI},
  year = {2003},
  pages = {985--991}
}

@ARTICLE{Ramaswamy2000,
  author = {Ramaswamy, Sridhar and Rastogi, Rajeev and Shim, Kyuseok},
  title = {Efficient Algorithms for Mining Outliers from Large Data Sets},
  journal = {Proceedings SIGMOD},
  year = {2000},
  pages = {427--438},
  address = {Dallas, Texas, {\{}USA.{\}}},
  doi = {10.1145/342009.335437},
  publisher = {ACM},
  url = {https://doi.org/10.1145/342009.335437}
}

@INPROCEEDINGS{Riahi2016,
  author = {Riahi, Fatemeh and Schulte, Oliver},
  title = {Propositionalization for Unsupervised Outlier Detection in Multi-Relational
 Data},
  booktitle = {Proceedings {FLAIRS}},
  year = {2016},
  pages = {448--453},
  address = {Key Largo, Florida, USA},
  url = {http://www.aaai.org/ocs/index.php/FLAIRS/FLAIRS16/paper/ view/12786}
}

@INPROCEEDINGS{Riahi2015,
  author = {Riahi, Fatemeh and Schulte, Oliver},
  title = {{Model-Based Outlier Detection for Object-Relational Data}},
  booktitle = {Proceedings SSCI},
  year = {2015},
  pages = {1590--1598},
  organization = {IEEE},
  doi = {10.1109/SSCI.2015.224},
  url = {https://doi.org/10.1109/SSCI.2015.224}
}

@MISC{url,
  author = {Riahi, Fatemeh and Schulte, Oliver},
  title = {Codes and Datasets. [Online]. Available:},
  howpublished = {\url{ftp://ftp.fas.sfu.ca/pub/cs/oschulte/CodesAndDatasets/}},
  year = {2015}
}

@INPROCEEDINGS{Riedel2013,
  author = {Riedel, Sebastian and Yao, Limin and McCallum, Andrew and Marlin, Benjamin M},
  title = {Relation Extraction with Matrix Factorization and Universal Schemas},
  booktitle = {Proceedings HLT-NAACL},
  year = {2013},
  pages = {74--84},
  address = {Westin Peachtree Plaza Hotel, Atlanta, Georgia, USA},
  url = {http://aclweb.org/anthology/N/N13/N13-1008.pdf}
}

@INPROCEEDINGS{Routley2015a,
  author = {Routley, Kurt and Schulte, Oliver},
  title = {A {Markov} Game Model for Valuing Player Actions in Ice Hockey},
  booktitle = {Proceedings UAI},
  year = {2015},
  pages = {782--791}
}

@INPROCEEDINGS{Sarawagi1998,
  author = {Sarawagi, Sunita and Agrawal, Rakesh and Megiddo, Nimrod},
  title = {Discovery-driven Exploration of {OLAP} Data Cubes},
  booktitle = {Proceedings EDBT},
  year = {1998},
  pages = {168--182},
  address = {Valencia, Spain},
  publisher = {Springer-Verlag},
  doi = {10.1007/BFb0100984},
  url = {https://doi.org/10.1007/BFb0100984}
}

@INPROCEEDINGS{Schulte2011,
  author = {Schulte, Oliver},
  title = {A tractable pseudo-likelihood function for {Bayesian} networks applied
 to relational data},
  booktitle = {Proceedings SIAM},
  year = {2011},
  pages = {462--473},
  doi = {10.1137/1.9781611972818.40},
  url = {https://doi.org/10.1137/1.9781611972818.40}
}

@INPROCEEDINGS{Schulte2017a,
  author = {Schulte, Oliver and Gholami, Sajjad},
  title = {Locally Consistent {Bayesian} Network Scores for Multi-Relational
 Data},
  booktitle = {Proceedings JCAI},
  year = {2017},
  pages = {2693--2700},
  address = {Melbourne, Australia},
  doi = {10.24963/ijcai.2017/375},
  url = {https://doi.org/10.24963/ijcai.2017/375}
}

@ARTICLE{Schulte2012,
  author = {Schulte, Oliver and Khosravi, Hassan},
  title = {Learning graphical models for relational data via lattice search},
  journal = {Machine Learning},
  year = {2012},
  volume = {88},
  pages = {331--368},
  number = {3}
}

@ARTICLE{Schulte2014,
  author = {Schulte, Oliver and Khosravi, Hassan and Kirkpatrick, Arthur and
 Gao, Tianxiang and Zhu, Yuke},
  title = {Modelling Relational Statistics With Bayesian networks},
  journal = {Machine Learning},
  year = {2014},
  volume = {94},
  pages = {105--125},
  url = {http://link.springer.com/article/ 10.1007{\%}2Fs10994-013-5362-7}
}

@ARTICLE{Schulte2018a,
  author = {Schulte, Oliver and Qian, Zhensong},
  title = {{FACTORBASE}: multi-relational structure learning with {SQL} all
 the way},
  journal = {International Journal of Data Science and Analytics},
  year = {2018},
  volume = {7(4)},
  pages = {1--21},
  doi = {10.1007/s41060-018-0130-1},
  publisher = {Springer}
}

@INPROCEEDINGS{schulte2014aggregating,
  author = {Schulte, Oliver and Routley, Kurt},
  title = {Aggregating predictions vs. aggregating features for relational
 classification},
  booktitle = {Proceedings CIDM},
  year = {2014},
  pages = {121--128},
  address = {Orlando, FL, USA},
  organization = {IEEE},
  doi = {10.1109/CIDM.2014.7008657},
  url = {https://doi.org/10.1109/CIDM.2014.7008657}
}

@MANUAL{RROCR2012,
  title = {ROCR: Visualizing the performance of scoring classifiers.},
  author = {Sing, Tobias and Sander, Oliver and Beerenwinkel, Niko and Lengauer,
 Thomas},
  year = {2012},
  annote = {R package version 1.0-4},
  url = {http://cran.r-project.org/package=ROCR}
}

@INPROCEEDINGS{Sun2009,
  author = {Sun, Yizhou and Jiawei, Han and Zhao, Peixiang},
  title = {RankClus: Integrating Clustering with Ranking for Heterogeneous
 InformationNetwork Analysis},
  booktitle = {Proceedings EDBT},
  year = {2009},
  pages = {565--576},
  address = {New York, NY, USA},
  publisher = {ACM}
}

@INPROCEEDINGS{Tang2013,
  author = {Tang, Guanting and Bailey, James and Pei, Jian and Dong, Guozhu},
  title = {Mining multidimensional contextual outliers from categorical relational
 data},
  booktitle = {Proceedings SSDBM},
  year = {2013},
  pages = {1171--1192},
  doi = {10.3233/IDA-150764},
  url = {https://doi.org/10.3233/IDA-150764}
}

@BOOK{Tuffery2011,
  title = {Data Mining and Statistics for Decision Making},
  publisher = {Wiley Series in Computational Statistics},
  year = {2011},
  author = {Tuffery, Stephane},
  url = {http://ca.wiley.com/WileyCDA/WileyTitle/ productCd-0470688297.html}
}

@INPROCEEDINGS{Wang2008,
  author = {Wang, Daisy Zhe and Michelakis, Eirinaios and Garofalakis, Minos
 and Hellerstein, Joseph M},
  title = {BayesStore: managing large, uncertain data repositories with probabilistic
 graphical models},
  booktitle = {Proceedings VLDB},
  year = {2008},
  pages = {340--351},
  publisher = {VLDB Endowment},
  doi = {10.14778/1453856.1453896},
  url = {http://www.vldb.org/pvldb/1/1453896.pdf}
}

@INPROCEEDINGS{Xiang2011,
  author = {Xiang, Rongjing and Neville, Jennifer},
  title = {Relational learning with one network: An asymptotic analysis},
  booktitle = {Proceedings AISTATS},
  year = {2011},
  pages = {779--788},
  url = {http://proceedings.mlr.press/v15/xiang11a/xiang11a.pdf}
}

@PROCEEDINGS{DBLP:conf/uai/1997,
  title = {UAI '97: Proceedings of the Thirteenth Conference on Uncertainty
 in Artificial Intelligence, August 1-3, 1997, Brown University, Providence,
 Rhode Island, USA},
  year = {1997},
  editor = {Geiger, Dan and Shenoy, Prakash P},
  publisher = {Morgan Kaufmann},
  booktitle = {UAI}
}


