% This file was created with JabRef 2.10.
% Encoding: Cp1252


@InProceedings{Feng_SIGMOD_2012,
  Title                    = {Towards a unified architecture for in-{RDBMS} analytics},
  Author                   = {Xixuan Feng and Arun Kumar and Benjamin Recht and Christopher R{\'e}},
  Booktitle                = {SIGMOD Conference},
  Year                     = {2012},
  Pages                    = {325-336},

  Crossref                 = {DBLP:conf/sigmod/2012},
  Ee                       = {http://doi.acm.org/10.1145/2213836.2213874},
  Owner                    = {zqian},
  Review                   = {single unified architecture, in-database analytics consider data analytics techniques that are modeled as convex programming problems},
  Timestamp                = {2013.11.25}
}

@InProceedings{Graefe1998,
  Title                    = {On the Efficient Gathering of Sufficient Statistics for Classification from Large {SQL} Databases},
  Author                   = {Goetz Graefe and Usama M. Fayyad and Surajit Chaudhuri},
  Booktitle                = {KDD},
  Year                     = {1998},
  Pages                    = {204--208},

  Bibsource                = {dblp computer science bibliography, http://dblp.org},
  Biburl                   = {http://dblp.uni-trier.de/rec/bib/conf/kdd/GraefeFC98},
  Crossref                 = {DBLP:conf/kdd/1998},
  Timestamp                = {Wed, 12 Dec 2012 15:08:19 +0100},
  Url                      = {http://www.aaai.org/Library/KDD/1998/kdd98-034.php}
}

@InCollection{Heckerman+al:SRL07,
  Title                    = {Probabilistic Entity-Relationship Models, {PRMs}, and Plate Models},
  Author                   = {D. Heckerman and C. Meek and D. Koller},
  Booktitle                = {Introduction to Statistical Relational Learning},
  Publisher                = {MIT Press},
  Year                     = {2007},
  Editor                   = {L. Getoor and B. Taskar},

  Crossref                 = {SRL2007},
  Owner                    = {hkhosrav},
  Timestamp                = {2008.10.10}
}

@InProceedings{Milch2005,
  Title                    = {{BLOG:} Probabilistic Models with Unknown Objects},
  Author                   = {Brian Milch and Bhaskara Marthi and Stuart J. Russell and David Sontag and Daniel L. Ong and Andrey Kolobov},
  Booktitle                = {IJCAI-05},
  Year                     = {2005},
  Pages                    = {1352--1359},

  Bibsource                = {dblp computer science bibliography, http://dblp.org},
  Biburl                   = {http://dblp.uni-trier.de/rec/bib/conf/ijcai/MilchMRSOK05},
  Crossref                 = {DBLP:conf/ijcai/2005},
  Timestamp                = {Wed, 05 Nov 2014 02:07:24 +0100},
  Url                      = {http://www.ijcai.org/papers/1546.pdf}
}

@InCollection{Popescul2007,
  Title                    = {Feature Generation and Selection in Multi-Relational Learning},
  Author                   = {Alexandrin Popescul and Lyle Ungar},
  Booktitle                = {Introduction to Statistical Relational Learning},
  Publisher                = {MIT Press},
  Year                     = {2007},
  Chapter                  = {16},
  Pages                    = {453-476},

  Comment                  = {Chapter: 16, Pages: 453-476},
  Crossref                 = {SRL2007},
  Keywords                 = {statistical-relational},
  Owner                    = {oschulte},
  Timestamp                = {2008.11.24}
}

@InProceedings{Walker2010,
  Title                    = {Automating the {ILP} Setup Task: Converting User Advice about Specific Examples into General Background Knowledge},
  Author                   = {Trevor Walker and Ciaran O'Reilly and Gautam Kunapuli and Sriraam Natarajan and Richard Maclin and David Page and Jude W. Shavlik},
  Booktitle                = {ILP},
  Year                     = {2010},
  Pages                    = {253-268},

  Crossref                 = {DBLP:conf/ilp/2010},
  Ee                       = {http://dx.doi.org/10.1007/978-3-642-21295-6_28}
}

@InProceedings{Michael2015,
  Title                    = {{Spark SQL}: Relational Data Processing in {Spark}},
  Author                   = {Michael Armbrust and Reynold S. Xin and Cheng Lian and Yin Hua and Davies Liu and Joseph K. Bradley and Xiangrui Meng and Tomer Kaftan and Michael J. Franklin and Ali Ghodsi and Matei Zaharia},
  Booktitle                = {SIGMOD Conference, To Appear},
  Year                     = {2015},

  Owner                    = {zqian},
  Timestamp                = {2015.05.28}
}

@Misc{Committers,
  Title                    = {{Apache Spark}},

  Author                   = {Apache Spark Project Contributors},
  Note                     = {{http://spark.apache.org/}},

  Owner                    = {zqian},
  Timestamp                = {2015.05.28}
}

@InProceedings{Deshpande2006,
  Title                    = {{MauveDB}: supporting model-based user views in database systems},
  Author                   = {Deshpande, Amol and Madden, Samuel},
  Booktitle                = {SIGMOD},
  Year                     = {2006},
  Organization             = {ACM},
  Pages                    = {73--84}
}

@Book{Domingos2009,
  Title                    = {Markov Logic: An Interface Layer for Artificial Intelligence},
  Author                   = {Pedro Domingos and Daniel Lowd},
  Publisher                = {Morgan and Claypool Publishers},
  Year                     = {2009},

  Abstract                 = {url = {http://researchbooks.org/1598296922}}
}

@Book{Dzeroski2001c,
  Title                    = {Relational Data Mining},
  Author                   = {Saso Dzeroski and Nada Lavrac},
  Editor                   = {Saso Dzeroski and Nada Lavrac},
  Publisher                = {Springer, Berlin},
  Year                     = {2001},

  Keywords                 = {statistical-relational, ilp},
  Owner                    = {hkhosrav},
  Timestamp                = {2008.10.08}
}

@Book{SRL2007,
  Title                    = {Introduction to Statistical Relational Learning},
  Author                   = {Lise Getoor and Ben Taskar},
  Publisher                = {MIT Press},
  Year                     = {2007},

  Owner                    = {hkhosrav},
  Timestamp                = {2008.10.08}
}

@Article{Getoor2001,
  Title                    = {Selectivity estimation using probabilistic models},
  Author                   = {Getoor, Lise and Taskar, Benjamin and Koller, Daphne},
  Journal                  = {ACM SIGMOD Record},
  Year                     = {2001},
  Number                   = {2},
  Pages                    = {461--472},
  Volume                   = {30},

  Address                  = {New York, NY, USA},
  File                     = {:D\:\\oschulte-srl\\texmf\\Getoor2001.pdf:PDF},
  Owner                    = {hkhosrav},
  Publisher                = {ACM},
  Timestamp                = {2009.05.11}
}

@Article{MADlib_VLDB_2012,
  Title                    = {The {MADlib} Analytics Library: Or {MAD} Skills, the {SQL}},
  Author                   = {Hellerstein, Joseph M. and R{\'e}, Christoper and Schoppmann, Florian and Wang, Daisy Zhe and Fratkin, Eugene and Gorajek, Aleksander and Ng, Kee Siong and Welton, Caleb and Feng, Xixuan and Li, Kun and Kumar, Arun},
  Journal                  = {PVLDB},
  Year                     = {2012},

  Month                    = aug,
  Number                   = {12},
  Pages                    = {1700--1711},
  Volume                   = {5},

  Acmid                    = {2367510},
  ISSN                     = {2150-8097},
  Issue_date               = {August 2012},
  Numpages                 = {12},
  Owner                    = {zqian},
  Publisher                = {VLDB Endowment},
  Review                   = {higher level machine learning algorithms library (could cite the part, why databases?)},
  Timestamp                = {2013.11.25},
  Url                      = {http://dl.acm.org/citation.cfm?id=2367502.2367510}
}

@InProceedings{MCDB_SIGMOD_2008,
  Title                    = {{MCDB}: a monte carlo approach to managing uncertain data},
  Author                   = {Ravi Jampani and Fei Xu and Mingxi Wu and Luis Leopoldo Perez and Christopher M. Jermaine and Peter J. Haas},
  Booktitle                = {SIGMOD Conference},
  Year                     = {2008},
  Pages                    = {687-700},

  Owner                    = {zqian},
  Review                   = {initial attemp to design and prototype a MC-based system for managing uncertain data : probabilistic databae},
  Timestamp                = {2013.11.25}
}

@Misc{Khot2013,
  Title                    = {Boostr},

  Author                   = {Tushar Khot and Jude Shavlik and Sriraam Natarajan},
  Note                     = {{http://pages.cs.wisc.edu/~tushar/Boostr/}},

  Keywords                 = {statistical-relational},
  Owner                    = {oliverschulte},
  Timestamp                = {2009.10.02}
}

@Article{Kimmig2015,
  Title                    = {Lifted graphical models: a survey},
  Author                   = {Kimmig, Angelika and Mihalkova, Lilyana and Getoor, Lise},
  Journal                  = {Machine Learning},
  Year                     = {2015},
  Number                   = {1},
  Pages                    = {1-45},
  Volume                   = {99},

  Doi                      = {10.1007/s10994-014-5443-2},
  ISSN                     = {0885-6125},
  Keywords                 = {Statistical relational learning; First-order probabilistic models; Probabilistic programming; Par-factor graphs; Templated graphical models; Lifted inference and learning},
  Language                 = {English},
  Owner                    = {zqian},
  Publisher                = {Springer US},
  Timestamp                = {2015.05.05},
  Url                      = {http://dx.doi.org/10.1007/s10994-014-5443-2}
}

@InProceedings{MLbase_ICDR_2013,
  Title                    = {{MLbase}: A Distributed Machine-learning System},
  Author                   = {Tim Kraska and Ameet Talwalkar and John C. Duchi and Rean Griffith and Michael J. Franklin and Michael I. Jordan},
  Booktitle                = {CIDR},
  Year                     = {2013},

  Owner                    = {zqian},
  Review                   = {higher level libary of a bunch of ml algorithms},
  Timestamp                = {2013.11.25}
}

@InCollection{Lavravc2014,
  Title                    = {Propositionalization Online},
  Author                   = {Lavra{\v{c}}, Nada and Perov{\v{s}}ek, Matic and Vavpeti{\v{c}}, An{\v{z}}e},
  Booktitle                = {ECML},
  Publisher                = {Springer},
  Year                     = {2014},
  Pages                    = {456--459}
}

@Article{Lv2012,
  Title                    = {A fast calculation of metric scores for learning {Bayesian} network},
  Author                   = {Qiang Lv and Xiaoyan Xia and Peide Qian},
  Journal                  = {Int. J. of Automation and Computing},
  Year                     = {2012},
  Pages                    = {37-44},
  Volume                   = {9},

  Keywords                 = {Frequent counting; radix-based calculation; ADtree; learning Bayesian network; metric score},
  Owner                    = {zqian},
  Timestamp                = {2014.02.20},
  Url                      = {http://dx.doi.org/10.1007/s11633-012-0614-8}
}

@Article{Moore1998,
  Title                    = {Cached Sufficient Statistics for Efficient Machine Learning with Large Datasets},
  Author                   = {Andrew W. Moore and Mary S. Lee},
  Journal                  = {J. Artif. Intell. Res. (JAIR)},
  Year                     = {1998},
  Pages                    = {67-91},
  Volume                   = {8},

  Bibsource                = {DBLP, http://dblp.uni-trier.de},
  Ee                       = {http://dx.doi.org/10.1613/jair.453}
}

@Article{Niu2011,
  Title                    = {Tuffy: Scaling up Statistical Inference in {Markov Logic Networks} using an {RDBMS}},
  Author                   = {Feng Niu and Christopher R{\'e} and AnHai Doan and Jude W. Shavlik},
  Journal                  = {PVLDB},
  Year                     = {2011},
  Number                   = {6},
  Pages                    = {373-384},
  Volume                   = {4},

  Bibsource                = {DBLP, http://dblp.uni-trier.de},
  Ee                       = {http://www.vldb.org/pvldb/vol4/p373-niu.pdf}
}

@Article{Niu2011a,
  Title                    = {{Felix: Scaling Inference for Markov Logic with an Operator-based Approach}},
  Author                   = {{Niu}, F. and {Zhang}, C. and {R{\'e}}, C. and {Shavlik}, J.},
  Journal                  = {ArXiv e-prints},
  Year                     = {2011},

  Month                    = aug,

  Adsnote                  = {Provided by the SAO/NASA Astrophysics Data System},
  Adsurl                   = {http://adsabs.harvard.edu/abs/2011arXiv1108.0294N},
  Archiveprefix            = {arXiv},
  Eprint                   = {1108.0294},
  Keywords                 = {Computer Science - Computation and Language, Computer Science - Databases},
  Owner                    = {zqian},
  Primaryclass             = {cs.CL},
  Timestamp                = {2015.05.23}
}

@TechReport{Peralta2007,
  Title                    = {Extraction and integration of {MovieLens} and {IMDb} data},
  Author                   = {Peralta, Ver{\'o}nika},
  Institution              = {Technical Report, Laboratoire PRiSM},
  Year                     = {2007},

  Owner                    = {zqian},
  Timestamp                = {2015.05.22}
}

@Misc{bib:bbsite,
  Title                    = {The {BayesBase} System},

  Author                   = {Zhensong Qian and Oliver Schulte},
  Note                     = {\url{www.cs.sfu.ca/~oschulte/BayesBase/BayesBase.html}},
  Year                     = {2015},

  Keywords                 = {statistical-relational},
  Owner                    = {oliverschulte},
  Timestamp                = {2009.10.02}
}

@InProceedings{Qian2014a,
  Title                    = {Computing Multi-Relational Sufficient Statistics for Large Databases},
  Author                   = {Zhensong Qian and Oliver Schulte and Yan Sun},
  Booktitle                = {CIKM},
  Year                     = {2014},
  Organization             = {ACM},
  Pages                    = {1249--1258},

  Abstract                 = {Acceptance Rate 20\%.},
  Ee                       = {http://dx.doi.org/10.1145/2661829.2662010},
  Owner                    = {zqian},
  Timestamp                = {2014.08.22}
}

@Article{Schulte2012,
  Title                    = {Learning graphical models for relational data via lattice search},
  Author                   = {Oliver Schulte and Hassan Khosravi},
  Journal                  = {Machine Learning},
  Year                     = {2012},
  Number                   = {3},
  Pages                    = {331-368},
  Volume                   = {88},

  Owner                    = {oliverschulte},
  Timestamp                = {2012.04.11}
}

@InProceedings{Singh2008,
  Title                    = {Relational learning via collective matrix factorization},
  Author                   = {Singh, Ajit P. and Gordon, Geoffrey J.},
  Booktitle                = {SIGKDD},
  Year                     = {2008},
  Pages                    = {650--658},
  Publisher                = {ACM}
}

@InProceedings{Singh2013,
  Title                    = {Automated probabilistic modeling for relational data},
  Author                   = {Singh, Sameer and Graepel, Thore},
  Booktitle                = {CIKM},
  Year                     = {2013},
  Organization             = {ACM},
  Pages                    = {1497--1500},

  Owner                    = {zqian},
  Timestamp                = {2015.05.28}
}

@InProceedings{Wang2008,
  Title                    = {{BayesStore}: managing large, uncertain data repositories with probabilistic graphical models},
  Author                   = {Wang, Daisy Zhe and Michelakis, Eirinaios and Garofalakis, Minos and Hellerstein, Joseph M},
  Booktitle                = {VLDB},
  Year                     = {2008},
  Number                   = {1},
  Pages                    = {340--351},
  Volume                   = {1},

  File                     = {Wang2008.pdf:Wang2008.pdf:PDF},
  Journal                  = {Proceedings of the VLDB Endowment},
  Keywords                 = {statistical-relational}
}

@InProceedings{Wick_VLDB_2010,
  Title                    = {Scalable Probabilistic Databases with Factor Graphs and {MCMC}},
  Author                   = {Michael L. Wick and Andrew McCallum and Gerome Miklau},
  Booktitle                = {PVLDB},
  Year                     = {2010},
  Number                   = {1},
  Pages                    = {794-804},
  Volume                   = {3},

  Owner                    = {zqian},
  Review                   = {probabilistic databases, graphical modes with mcmc sampling},
  Timestamp                = {2013.11.25}
}

@InProceedings{Wong1995,
  Title                    = {A method for implementing a probabilistic model as a relational database},
  Author                   = {Wong, SK Michael and Butz, Cory J and Xiang, Yang},
  Booktitle                = {UAI},
  Year                     = {1995},
  Pages                    = {556--564},

  Owner                    = {zqian},
  Timestamp                = {2015.05.22}
}

